@article{eringen1972linear,
  title={Linear theory of nonlocal elasticity and dispersion of plane waves},
  author={Eringen, A Cemal},
  journal={International Journal of Engineering Science},
  volume={10},
  number={5},
  pages={425--435},
  year={1972},
  publisher={Elsevier}
}
@article{eringen1976nonlocal,
  title={Nonlocal polar field models},
  author={Eringen, AC},
  journal={Academic, New York},
  year={1976}
}
@article{eringen1983differential,
  title={On differential equations of nonlocal elasticity and solutions of screw dislocation and surface waves},
  author={Eringen, A Cemal},
  journal={Journal of Applied Physics},
  volume={54},
  number={9},
  pages={4703--4710},
  year={1983},
  publisher={AIP Publishing}
}
@article{eringen1972nonlocal,
  title={On nonlocal elasticity},
  author={Eringen, A Cemal and Edelen, DGB},
  journal={International Journal of Engineering Science},
  volume={10},
  number={3},
  pages={233--248},
  year={1972},
  publisher={Pergamon}
}
@book{Malvern,
    author    = "Lawrence E. Malvern",
    title     = "Introduction To The Mechanics Of A Continuous Medium",
    year      = "1969",
    publisher = "Prentice-Hall Inc.",
    address   = "Englewood Cliffs, NJ"
}
@article{narendar2011terahertz,
  title={Terahertz wave propagation in uniform nanorods: a nonlocal continuum mechanics formulation including the effect of lateral inertia},
  author={Narendar, S},
  journal={Physica E: Low-dimensional Systems and Nanostructures},
  volume={43},
  number={4},
  pages={1015--1020},
  year={2011},
  publisher={Elsevier}
}
@article{peddieson2003application,
  title={Application of nonlocal continuum models to nanotechnology},
  author={Peddieson, John and Buchanan, George R and McNitt, Richard P},
  journal={International Journal of Engineering Science},
  volume={41},
  number={3},
  pages={305--312},
  year={2003},
  publisher={Elsevier}
}
@article{wang2005flexural,
  title={Flexural wave propagation in single-walled carbon nanotubes},
  author={Wang, Lifeng and Hu, Haiyan},
  journal={Physical Review B},
  volume={71},
  number={19},
  pages={195412},
  year={2005},
  publisher={APS}
}
@article{zhang2005free,
  title={Free transverse vibrations of double-walled carbon nanotubes using a theory of nonlocal elasticity},
  author={Zhang, YQ and Liu, GR and Xie, XY},
  journal={Physical Review B},
  volume={71},
  number={19},
  pages={195404},
  year={2005},
  publisher={APS}
}
@article{zhang2006atomistic,
  title={An atomistic and non-classical continuum field theoretic perspective of elastic interactions between defects (force dipoles) of various symmetries and application to graphene},
  author={Zhang, X and Jiao, K and Sharma, P and Yakobson, BI},
  journal={Journal of the Mechanics and Physics of Solids},
  volume={54},
  number={11},
  pages={2304--2329},
  year={2006},
  publisher={Elsevier}
}
@article{wang2005wave,
  title={Wave propagation in carbon nanotubes via nonlocal continuum mechanics},
  author={Wang, Q},
  journal={Journal of Applied Physics},
  volume={98},
  number={12},
  pages={124301},
  year={2005},
  publisher={AIP Publishing}
}
@article{hu2008nonlocal,
  title={Nonlocal shell model for elastic wave propagation in single-and double-walled carbon nanotubes},
  author={Hu, Yan-Gao and Liew, KM and Wang, Q and He, XQ and Yakobson, BI},
  journal={Journal of the Mechanics and Physics of Solids},
  volume={56},
  number={12},
  pages={3475--3485},
  year={2008},
  publisher={Elsevier}
}
@book{gopalakrishnan2008spectral,
  title={Spectral finite element method: wave propagation, diagnostics and control in anisotropic and inhomogenous structures},
  author={Gopalakrishnan, Srinivasan and Chakraborty, Abir and Mahapatra, D Roy},
  year={2008},
  publisher={Springer London}
}
@book{doyle1989wave,
  title={Wave propagation in structures},
  author={Doyle, James F},
  year={1989},
  publisher={Springer}
}
@misc{ wiki:cm,
   author = "Wikipedia",
   title = "Continuum mechanics --- Wikipedia{,} The Free Encyclopedia",
   year = "2014",
   url = "http://en.wikipedia.org/w/index.php?title=Continuum_mechanics&oldid=611979539",
   note = "[Online; accessed 10-June-2014]"
 }
@article{narendar2010ultrasonic,
  title={Ultrasonic wave characteristics of nanorods via nonlocal strain gradient models},
  author={Narendar, S and Gopalakrishnan, S},
  journal={Journal of Applied Physics},
  volume={107},
  number={8},
  pages={084312},
  year={2010},
  publisher={AIP Publishing}
}
@misc{ types_taner,
   author = "Taner Yildirim",
   title = "TYPES OF NANOTUBES",
   url = "http://www.ncnr.nist.gov/staff/taner/nanotube/types.html",
   note = "[Online; accessed 11-June-2014]"
}
@misc{ eqstruct,
   author = "Thomas A. Adams II",
   title = "Equilibrium Structure",
   url = "http://www.pa.msu.edu/cmp/csc/ntproperties/equilibriumstructure.html",
   note = "[Online; accessed 11-June-2014]"
}
@misc{ importance,
   author = "Peter Harris",
   title = "Carbon nanotube science and technology",
   url = "http://www.personal.reading.ac.uk/~scsharip/tubes.htm",
   note = "[Online; accessed 11-June-2014]"
}
@article{iijima1991helical,
  title={Helical microtubules of graphitic carbon},
  author={Iijima, Sumio and others},
  journal={nature},
  volume={354},
  number={6348},
  pages={56--58},
  year={1991},
  publisher={London}
}
